[gd_scene load_steps=10 format=3 uid="uid://bjp5gv46t7ehb"]

[ext_resource type="Texture2D" uid="uid://cymq5re0kc0o0" path="res://Sunny-land-files/Sunny-land-assets-files/PNG/spritesheets/cherry.png" id="1_4tmb4"]

[sub_resource type="GDScript" id="GDScript_f3qsx"]
script/source = "extends Area2D


func ready():
	get_node(\"AnimatedSprite2D\").play(\"default\")
	
func _on_body_entered(body):
	if body.name == \"player\":
		game.gold += 5
		var tween = get_tree().create_tween()
		var tween1 = get_tree().create_tween()
		tween.tween_property(self,\"position\", position - Vector2(0,40), 0.4)
		tween1.tween_property(self,\"modulate:a\", 0, 0.3)
		tween.tween_callback(queue_free)
"

[sub_resource type="CircleShape2D" id="CircleShape2D_nlimh"]

[sub_resource type="AtlasTexture" id="AtlasTexture_3cce3"]
atlas = ExtResource("1_4tmb4")
region = Rect2(0, 0, 21, 21)

[sub_resource type="AtlasTexture" id="AtlasTexture_hxyt4"]
atlas = ExtResource("1_4tmb4")
region = Rect2(21, 0, 21, 21)

[sub_resource type="AtlasTexture" id="AtlasTexture_m0p31"]
atlas = ExtResource("1_4tmb4")
region = Rect2(42, 0, 21, 21)

[sub_resource type="AtlasTexture" id="AtlasTexture_xythc"]
atlas = ExtResource("1_4tmb4")
region = Rect2(63, 0, 21, 21)

[sub_resource type="AtlasTexture" id="AtlasTexture_om8x4"]
atlas = ExtResource("1_4tmb4")
region = Rect2(84, 0, 21, 21)

[sub_resource type="SpriteFrames" id="SpriteFrames_ysbhr"]
animations = [{
"frames": [{
"duration": 1.0,
"texture": SubResource("AtlasTexture_3cce3")
}, {
"duration": 1.0,
"texture": SubResource("AtlasTexture_hxyt4")
}, {
"duration": 1.0,
"texture": SubResource("AtlasTexture_m0p31")
}, {
"duration": 1.0,
"texture": SubResource("AtlasTexture_xythc")
}, {
"duration": 1.0,
"texture": SubResource("AtlasTexture_om8x4")
}, {
"duration": 1.0,
"texture": SubResource("AtlasTexture_xythc")
}, {
"duration": 1.0,
"texture": SubResource("AtlasTexture_m0p31")
}, {
"duration": 1.0,
"texture": SubResource("AtlasTexture_hxyt4")
}],
"loop": true,
"name": &"default",
"speed": 5.0
}]

[node name="cherry" type="Area2D"]
script = SubResource("GDScript_f3qsx")

[node name="CollisionShape2D" type="CollisionShape2D" parent="."]
shape = SubResource("CircleShape2D_nlimh")

[node name="AnimatedSprite2D" type="AnimatedSprite2D" parent="."]
position = Vector2(1, 0)
sprite_frames = SubResource("SpriteFrames_ysbhr")
autoplay = "default"
frame = 7

[connection signal="body_entered" from="." to="." method="_on_body_entered"]
